@article{agrawal2003watermarking,
  title={Watermarking relational data: framework, algorithms and analysis},
  author={Agrawal, Rakesh and Haas, Peter J and Kiernan, Jerry},
  journal={The VLDB Journalâ€”The International Journal on Very Large Data Bases},
  volume={12},
  number={2},
  pages={157--169},
  year={2003},
  publisher={Springer-Verlag New York, Inc.}
}
@article{li2005fingerprinting,
  title={Fingerprinting relational databases: Schemes and specialties},
  author={Li, Yingjiu and Swarup, Vipin and Jajodia, Sushil},
  year={2005}
}
@Article{Kieseberg2014fingerprinting,
    author="Kieseberg, Peter and Schrittwieser, Sebastian and Mulazzani, Martin and Echizen, Isao and Weippl, Edgar",
    title="An algorithm for collusion-resistant anonymization and fingerprinting of sensitive microdata",
    journal="Electronic Markets",
    year="2014",
    month="Jun",
    day="01",
    volume="24",
    number="2",
    pages="113--124",
    issn="1422-8890",
    doi="10.1007/s12525-014-0154-x",
    _url="https://doi.org/10.1007/s12525-014-0154-x"
}
@inproceedings{agrawal2002watermarking,
  title={Watermarking relational databases},
  author={Agrawal, Rakesh and Kiernan, Jerry},
  booktitle={VLDB'02: Proceedings of the 28th International Conference on Very Large Databases},
  pages={155--166},
  year={2002},
  organization={Elsevier}
}

@inproceedings{liu2004block,
  title={A block oriented fingerprinting scheme in relational database},
  author={Liu, Siyuan and Wang, Shuhong and Deng, Robert H and Shao, Weizhong},
  year={2004}
}
@article{halder2010watermarking,
  title={Watermarking Techniques for Relational Databases: Survey, Classification and Comparison.},
  author={Halder, Raju and Pal, Shantanu and Cortesi, Agostino},
  journal={J. UCS},
  volume={16},
  number={21},
  pages={3164--3190},
  year={2010}
}
@inproceedings{bhattacharya2009distortion,
  title={A Distortion Free Watermark Framework for Relational Databases.},
  author={Bhattacharya, Sukriti and Cortesi, Agostino},
  booktitle={ICSOFT (2)},
  pages={229--234},
  year={2009}
}

@article{iftikhar2015survey,
  title={A survey on reversible watermarking techniques for relational databases},
  author={Iftikhar, Saman and Kamran, M and Anwar, Zahid},
  journal={Security and Communication Networks},
  volume={8},
  number={15},
  pages={2580--2603},
  year={2015},
  publisher={Wiley Online Library}
}
@inproceedings{agrawal2003system,
  title={A system for watermarking relational databases},
  author={Agrawal, Rakesh and Haas, Peter J and Kiernan, Jerry},
  booktitle={Proceedings of the 2003 ACM SIGMOD international conference on Management of data},
  pages={674--674},
  year={2003},
  organization={ACM}
}

@inproceedings{mehta2014watermarking,
  title={Watermarking for security in database: A review},
  author={Mehta, Brijesh B and Aswar, Hardika D},
  booktitle={2014 Conference on IT in Business, Industry and Government (CSIBIG)},
  pages={1--6},
  year={2014},
  organization={IEEE}
}
@article{Sweeney2002,
    author = {Latanya Sweeney},
    title = {K-anonymity: A Model for Protecting Privacy},
    journal = {International Journal of Uncertainty, Fuzziness and Knowledge-Based Systems},
    issue_date = {October 2002},
    volume = {10},
    number = {5},
    month = oct,
    year = {2002},
    issn = {0218-4885},
    pages = {557--570},
    doi = {10.1142/S0218488502001648},
    publisher = {World Scientific Publishing Co., Inc.},
    address = {River Edge, NJ, USA},
}
@article{rathva2013watermarking,
  title={Watermarking Relational Databases},
  author={Rathva, Mayuree K and Sahani, GJ},
  journal={International Journal of Computer Science, Engineering and Applications},
  volume={3},
  number={1},
  pages={71},
  year={2013},
  publisher={Citeseer}
}
@article{sarcevic2019evaluation,
  title={An Evaluation on Robustness and Utility of Fingerprinting Schemes},
  author={Sarcevic, Tanja and Mayer, Rudolf},
  year={2019}
}
@article{cox1997secure,
  title={Secure spread spectrum watermarking for multimedia},
  author={Cox, Ingemar J and Kilian, Joe and Leighton, F Thomson and Shamoon, Talal},
  journal={IEEE transactions on image processing},
  volume={6},
  number={12},
  pages={1673--1687},
  year={1997},
  publisher={IEEE}
}
@book{cox2002digital,
  title={Digital watermarking},
  author={Cox, Ingemar J and Miller, Matthew L and Bloom, Jeffrey Adam and Honsinger, Chris},
  volume={53},
  year={2002},
  publisher={Springer}
}
@book{johnson2001information,
  title={Information Hiding: Steganography and Watermarking-Attacks and Countermeasures: Steganography and Watermarking: Attacks and Countermeasures},
  author={Johnson, Neil F and Duric, Zoran and Jajodia, Sushil},
  volume={1},
  year={2001},
  publisher={Springer Science \& Business Media}
}
@inproceedings{palsberg2000experience,
  title={Experience with software watermarking},
  author={Palsberg, Jens and Krishnaswamy, Sowmya and Kwon, Minseok and Ma, Di and Shao, Qiuyun and Zhang, Yi},
  booktitle={Proceedings 16th Annual Computer Security Applications Conference (ACSAC'00)},
  pages={308--316},
  year={2000},
  organization={IEEE}
}
@inproceedings{gupta2009database,
  title={Database relation watermarking resilient against secondary watermarking attacks},
  author={Gupta, Gaurav and Pieprzyk, Josef},
  booktitle={International Conference on Information Systems Security},
  pages={222--236},
  year={2009},
  organization={Springer}
}

@inproceedings{qin2006watermark,
  title={Watermark based copyright protection of outsourced database},
  author={Qin, Zhu and Ying, Yang and Jia-jin, LE and Yi-shu, LUO},
  booktitle={2006 10th International Database Engineering and Applications Symposium (IDEAS'06)},
  pages={301--308},
  year={2006},
  organization={IEEE}
}

@inproceedings{collberg1999software,
  title={Software watermarking: Models and dynamic embeddings},
  author={Collberg, Christian and Thomborson, Clark},
  booktitle={Proceedings of the 26th ACM SIGPLAN-SIGACT symposium on Principles of programming languages},
  pages={311--324},
  year={1999},
  organization={ACM}
}
@inproceedings{atallah2002natural,
  title={Natural language watermarking and tamperproofing},
  author={Atallah, Mikhail J and Raskin, Victor and Hempelmann, Christian F and Karahan, Mercan and Sion, Radu and Topkara, Umut and Triezenberg, Katrina E},
  booktitle={International workshop on information hiding},
  pages={196--212},
  year={2002},
  organization={Springer}
}
@inproceedings{potdar2005survey,
  title={A survey of digital image watermarking techniques},
  author={Potdar, Vidyasagar M and Han, Song and Chang, Elizabeth},
  booktitle={INDIN'05. 2005 3rd IEEE International Conference on Industrial Informatics, 2005.},
  pages={709--716},
  year={2005},
  organization={IEEE}
}
@inproceedings{lee2001survey,
  title={A survey of watermarking techniques applied to multimedia},
  author={Lee, Sin-Joo and Jung, Sung-Hwan},
  booktitle={ISIE 2001. 2001 IEEE International Symposium on Industrial Electronics Proceedings (Cat. No. 01TH8570)},
  volume={1},
  pages={272--277},
  year={2001},
  organization={IEEE}
}
@article{suhail2003digital,
  title={Digital watermarking-based DCT and JPEG model},
  author={Suhail, Mohamed A and Obaidat, Mohammad S},
  journal={IEEE transactions on instrumentation and measurement},
  volume={52},
  number={5},
  pages={1640--1647},
  year={2003},
  publisher={IEEE}
}
@article{solachidis2001circularly,
  title={Circularly symmetric watermark embedding in 2-D DFT domain},
  author={Solachidis, Vassilios and Pitas, Loannis},
  journal={IEEE transactions on image processing},
  volume={10},
  number={11},
  pages={1741--1753},
  year={2001},
  publisher={IEEE}
}

@article{nikolaidis1998robust,
  title={Robust image watermarking in the spatial domain},
  author={Nikolaidis, Nikos and Pitas, Ioannis},
  journal={Signal processing},
  volume={66},
  number={3},
  pages={385--403},
  year={1998},
  publisher={Elsevier}
}
@article{abdel2004survey,
  title={A survey on IP watermarking techniques},
  author={Abdel-Hamid, Amr T and Tahar, Sofi{\'e}ne and Aboulhamid, El Mostapha},
  journal={Design Automation for Embedded Systems},
  volume={9},
  number={3},
  pages={211--227},
  year={2004},
  publisher={Springer}
}
@inproceedings{cox1997review,
  title={Review of watermarking and the importance of perceptual modeling},
  author={Cox, Ingemar J and Miller, Matt L},
  booktitle={Human Vision and Electronic Imaging II},
  volume={3016},
  pages={92--100},
  year={1997},
  organization={International Society for Optics and Photonics}
}
@book{petitcolas2000information,
  title={Information Hiding Techniques for Steganography and Digital Watermarking (Artech House Computer Security Series)},
  author={Petitcolas, Fabien AP and Katzenbeisser, Stefan},
  year={2000},
  publisher={Artech House}
}
@inproceedings{xiao2007second,
  title={Second-LSB-dependent robust watermarking for relational database},
  author={Xiao, Xiangrong and Sun, Xingming and Chen, Minggang},
  booktitle={Third International Symposium on Information Assurance and Security},
  pages={292--300},
  year={2007},
  organization={IEEE}
}

@article{bertino1999flexible,
  title={A flexible authorization mechanism for relational data management systems},
  author={Bertino, Elisa and Jajodia, Sushil and Samarati, Pierangela},
  journal={ACM Transactions on Information Systems (TOIS)},
  volume={17},
  number={2},
  pages={101--140},
  year={1999},
  publisher={ACM}
}

@article{o1996watermarking,
  title={Watermarking digital images for copyright protection},
  author={O'Ruanaidh, JJK and Dowling, WJ and Boland, FM},
  journal={IEE Proceedings-Vision, Image and Signal Processing},
  volume={143},
  number={4},
  pages={250--256},
  year={1996},
  publisher={IET}
}
@article{maxemchuk1994electronic,
  title={Electronic document distribution},
  author={Maxemchuk, Nicholas F},
  journal={AT\&T technical journal},
  volume={73},
  number={5},
  pages={73--80},
  year={1994},
  publisher={Nokia Bell Labs}
}
@article{atallah2001natural,
    title={Natural language watermarking: Design, analysis, and a proof-of-concept implementation},
    author={Atallah, M J and Raskin, V and Crogan, M and Hempelmann, C and Kerschbaum, F and Mohamed, D and Naik, S},
    journal={International Workshop on Information Hiding},
    pages={185--200},
    year={2001},
    publisher={Springer}
}
@article{atallah2000natural,
    title={Natural language processing for information assurance and security: an overview and implementations},
    author={Atallah, M J and McDonough, C J and Raskin, V and Nirenburg, S},
    journal={NSPW},
    pages={51--65},
    year={2000}
}
@article{atallah1999watermarking,
    title={Watermarking with quadratic residues},
    author={Atallah, M J and Wagstaff, Samuel S},
    journal={Security and Watermarking of Multimedia Contents},
    pages={283--289},
    volume={3657},
    year={1999},
    publisher={International Society for Optics and Photonics}
}
@article{boneh1998collusion,
  title={Collusion-secure fingerprinting for digital data},
  author={Boneh, Dan and Shaw, James},
  journal={IEEE Transactions on Information Theory},
  volume={44},
  number={5},
  pages={1897--1905},
  year={1998},
  publisher={IEEE}
}
@inproceedings{guth1999error,
  title={Error-and collusion-secure fingerprinting for digital data},
  author={Guth, Hans-J{\"u}rgen and Pfitzmann, Birgit},
  booktitle={International Workshop on Information Hiding},
  pages={134--145},
  year={1999},
  organization={Springer}
}
@inproceedings{pfitzmann1999coin,
  title={Coin-based anonymous fingerprinting},
  author={Pfitzmann, Birgit and Sadeghi, Ahmad-Reza},
  booktitle={International Conference on the Theory and Applications of Cryptographic Techniques},
  pages={150--164},
  year={1999},
  organization={Springer}
}
@inproceedings{boney1996digital,
  title={Digital watermarks for audio signals},
  author={Boney, Laurence and Tewfik, Ahmed H and Hamdy, Khaled N},
  booktitle={Proceedings of the Third IEEE International Conference on Multimedia Computing and Systems},
  pages={473--480},
  year={1996},
  organization={IEEE}
}
@article{hartung1998watermarking,
  title={Watermarking of uncompressed and compressed video},
  author={Hartung, Frank and Girod, Bernd},
  journal={Signal processing},
  volume={66},
  number={3},
  pages={283--301},
  year={1998},
  publisher={Elsevier}
}
@article{sion2004rights,
  title={Rights protection for relational data},
  author={Sion, Radu and Atallah, Mikhail and Prabhakar, Sunil},
  journal={IEEE transactions on knowledge and data engineering},
  volume={16},
  number={12},
  pages={1509--1525},
  year={2004},
  publisher={IEEE}
}
@article{swanson1998multiresolution,
  title={Multiresolution scene-based video watermarking using perceptual models},
  author={Swanson, Mitchell D and Zhu, Bin and Tewfik, Ahmed H},
  journal={IEEE Journal on selected areas in communications},
  volume={16},
  number={4},
  pages={540--550},
  year={1998},
  publisher={IEEE}
}
@article{swanson1998robust,
  title={Robust audio watermarking using perceptual masking},
  author={Swanson, Mitchell D and Zhu, Bin and Tewfik, Ahmed H and Boney, Laurence},
  journal={Signal processing},
  volume={66},
  number={3},
  pages={337--355},
  year={1998},
  publisher={Elsevier}
}
@article{wu2004collusion,
  title={Collusion-resistant fingerprinting for multimedia},
  author={Wu, Min and Trappe, Wade and Wang, Z Jane and Liu, KJ Ray},
  journal={IEEE Signal Processing Magazine},
  volume={21},
  number={2},
  pages={15--27},
  year={2004},
  publisher={IEEE}
}
@inproceedings{piec2014real,
  title={Real-time screen watermarking using overlaying layer},
  author={Piec, Maciej and Rauber, Andreas},
  booktitle={2014 Ninth International Conference on Availability, Reliability and Security},
  pages={561--570},
  year={2014},
  organization={IEEE}
}
@inproceedings{kang2006implementation,
  title={Implementation of real-time watermarking scheme for high-quality video},
  author={Kang, In-Koo and Im, Dong-Hyuck and Lee, Heung-Kyu and Suh, Young-Ho},
  booktitle={Proceedings of the 8th workshop on Multimedia and security},
  pages={124--129},
  year={2006},
  organization={ACM}
}
@article{wolfgang1999perceptual,
  title={Perceptual watermarks for digital images and video},
  author={Wolfgang, Raymond B and Podilchuk, Christine I and Delp, Edward J},
  journal={Proceedings of the IEEE},
  volume={87},
  number={7},
  pages={1108--1126},
  year={1999},
  publisher={IEEE}
}

@article{sion2005rights,
  title={Rights protection for categorical data},
  author={Sion, Radu and Atallah, Mikhail and Prabhakar, Sunil},
  journal={IEEE Transactions on Knowledge and Data Engineering},
  volume={17},
  number={7},
  pages={912--926},
  year={2005},
  publisher={IEEE}
}
@inproceedings{gross2003query,
  title={Query-preserving watermarking of relational databases and XML documents},
  author={Gross-Amblard, David},
  booktitle={Proceedings of the twenty-second ACM SIGMOD-SIGACT-SIGART symposium on Principles of database systems},
  pages={191--201},
  year={2003},
  organization={ACM}
}
@inproceedings{sion2002watermarking,
  title={On watermarking numeric sets},
  author={Sion, Radu and Atallah, Mikhail and Prabhakar, Sunil},
  booktitle={International Workshop on Digital Watermarking},
  pages={130--146},
  year={2002},
  organization={Springer}
}

@inproceedings{huang2004new,
  title={A new watermark mechanism for relational data},
  author={Huang, Min and Cao, Jiaheng and Peng, Zhiyong and Fang, Ying},
  booktitle={The Fourth International Conference onComputer and Information Technology, 2004. CIT'04.},
  pages={946--950},
  year={2004},
  organization={IEEE}
}

@inproceedings{li2003constructing,
  title={Constructing a virtual primary key for fingerprinting relational data},
  author={Li, Yingjiu and Swarup, Vipin and Jajodia, Sushil},
  booktitle={Proceedings of the 3rd ACM workshop on Digital rights management},
  pages={133--141},
  year={2003},
  organization={ACM}
}

@inproceedings{rao2010subset,
  title={Subset selection approach for watermarking relational databases},
  author={Rao, Burepalli VS and Prasad, Munaga VNK},
  booktitle={International Conference on Data Engineering and Management},
  pages={181--188},
  year={2010},
  organization={Springer}
}
@article{prasannakumari2009robust,
  title={A robust tamperproof watermarking for data integrity in relational databases},
  author={Prasannakumari, Vahab},
  journal={Research Journal of Information Technology},
  volume={1},
  number={3},
  pages={115--121},
  year={2009}
}
@inproceedings{li2004tamper,
  title={Tamper detection and localization for categorical data using fragile watermarks},
  author={Li, Yingjiu and Guo, Huiping and Jajodia, Sushil},
  booktitle={Proceedings of the 4th ACM workshop on Digital rights management},
  pages={73--82},
  year={2004},
  organization={ACM}
}
@article{kamel2009schema,
  title={A schema for protecting the integrity of databases},
  author={Kamel, Ibrahim},
  journal={computers \& security},
  volume={28},
  number={7},
  pages={698--709},
  year={2009},
  publisher={Elsevier}
}

@inproceedings{bhattacharya2009generic,
  title={A generic distortion free watermarking technique for relational databases},
  author={Bhattacharya, Sukriti and Cortesi, Agostino},
  booktitle={International Conference on Information Systems Security},
  pages={252--264},
  year={2009},
  organization={Springer}
}

@inproceedings{li2006publicly,
  title={Publicly verifiable ownership protection for relational databases},
  author={Li, Yingjiu and Deng, Robert Huijie},
  booktitle={Proceedings of the 2006 ACM Symposium on Information, computer and communications security},
  pages={78--89},
  year={2006},
  organization={ACM}
}

@inproceedings{tsai2006database,
  title={A database watermarking technique for temper detection},
  author={Tsai, Meng-Hsiun and Tseng, Hsiao-Yun and Lai, Chen-Ying},
  booktitle={9th Joint International Conference on Information Sciences (JCIS-06)},
  year={2006},
  organization={Atlantis Press}
}

@inproceedings{bhattacharya2010distortion,
  title={Distortion-Free Authentication Watermarking.},
  author={Bhattacharya, Sukriti and Cortesi, Agostino},
  booktitle={International Conference on Software and Data Technologies},
  pages={205--219},
  year={2010},
  organization={Springer}
}

@inproceedings{yacobi2001improved,
  title={Improved boneh-shaw content fingerprinting},
  author={Yacobi, Yacov},
  booktitle={Cryptographersâ€™ Track at the RSA Conference},
  pages={378--391},
  year={2001},
  organization={Springer}
}
@inproceedings{pfitzmann1996asymmetric,
  title={Asymmetric fingerprinting},
  author={Pfitzmann, Birgit and Schunter, Matthias},
  booktitle={International Conference on the Theory and Applications of Cryptographic Techniques},
  pages={84--95},
  year={1996},
  organization={Springer}
}
@inproceedings{constantin2005watermill,
  title={Watermill: an optimized fingerprinting system for highly constrained data},
  author={Constantin, Camelia and Gross-Amblard, David and Guerrouani, Meryem},
  booktitle={Proceedings of the 7th workshop on Multimedia and security},
  pages={143--155},
  year={2005},
  organization={ACM}
}
@inproceedings{wang2008speech,
  title={A speech based algorithm for watermarking relational databases},
  author={Wang, Haiqing and Cui, Xinchun and Cao, Zaihui},
  booktitle={2008 International Symposiums on Information Processing},
  pages={603--606},
  year={2008},
  organization={IEEE}
}
@inproceedings{huang2009cluster,
  title={A cluster-based watermarking technique for relational database},
  author={Huang, Kaiyin and Yue, Min and Chen, Pengfei and He, Yanshan and Chen, Xiaoyun},
  booktitle={2009 First International Workshop on Database Technology and Applications},
  pages={107--110},
  year={2009},
  organization={IEEE}
}
@article{al2008robust,
  title={Robust and blind watermarking of relational database systems},
  author={Al-Haj, Ali and Odeh, Ashraf},
  year={2008},
  publisher={Citeseer}
}

@article{guo2006fragile,
  title={A fragile watermarking scheme for detecting malicious modifications of database relations},
  author={Guo, Huiping and Li, Yingjiu and Liu, Anyi and Jajodia, Sushil},
  journal={Information Sciences},
  volume={176},
  number={10},
  pages={1350--1378},
  year={2006},
  publisher={Elsevier}
}

@inproceedings{cui2008approach,
  title={The approach for optimization in watermark signal of relational databases by using genetic algorithms},
  author={Cui, Xinchun and Cui, Haiting},
  booktitle={2008 International Conference on Computer Science and Information Technology},
  pages={448--452},
  year={2008},
  organization={IEEE}
}
@inproceedings{zhang2006relational,
  title={Relational databases watermark technique based on content characteristic},
  author={Zhang, Yong and Niu, Xiamu and Zhao, Dongning and Li, Juncao and Liu, Siming},
  booktitle={First International Conference on Innovative Computing, Information and Control-Volume I (ICICIC'06)},
  volume={3},
  pages={677--680},
  year={2006},
  organization={IEEE}
}

@article{zhang2005method,
  title={A method of protecting relational databases copyright with cloud watermark},
  author={Zhang, Yong and Niu, Xiamu and Zhao, Dongning},
  journal={International Journal of Information and Communication Engineering},
  volume={1},
  number={7},
  pages={337--341},
  year={2005},
  publisher={Citeseer}
}

@inproceedings{zhou2007additive,
  title={An additive-attack-proof watermarking mechanism for databases' copyrights protection using image},
  author={Zhou, Xiang and Huang, Min and Peng, Zhiyong},
  booktitle={Proceedings of the 2007 ACM symposium on Applied computing},
  pages={254--258},
  year={2007},
  organization={ACM}
}

@inproceedings{hu2009image,
  title={An image based algorithm for watermarking relational databases},
  author={Hu, Zhongyan and Cao, Zaihui and Sun, Jianhua},
  booktitle={2009 International Conference on Measuring Technology and Mechatronics Automation},
  volume={1},
  pages={425--428},
  year={2009},
  organization={IEEE}
}
@inproceedings{zhou2007novel,
  title={A novel fingerprinting architecture for relational data},
  author={Zhou, Ming and Wang, Jianmin and Wang, Chaokun and Li, Deyi},
  booktitle={2007 Inaugural IEEE-IES Digital EcoSystems and Technologies Conference},
  pages={477--480},
  year={2007},
  organization={IEEE}
}
@inproceedings{guo2005improved,
  title={An improved algorithm to watermark numeric relational data},
  author={Guo, Fei and Wang, Jianmin and Zhang, Zhihao and Ye, Xiaojun and Li, Deyi},
  booktitle={International Workshop on Information Security Applications},
  pages={138--149},
  year={2005},
  organization={Springer}
}

@inproceedings{guo2006fingerprinting,
  title={Fingerprinting relational databases},
  author={Guo, Fei and Wang, Jianmin and Li, Deyi},
  year={2006}
}
@inproceedings{wang2008atbam,
  title={Atbam: An arnold transform based method on watermarking relational data},
  author={Wang, Chaokun and Wang, Jianmin and Zhou, Ming and Chen, Guisheng and Li, Deyi},
  booktitle={2008 International Conference on Multimedia and Ubiquitous Engineering (MUE 2008)},
  pages={263--270},
  year={2008},
  organization={IEEE}
}

@inproceedings{bertino2005privacy,
  title={Privacy and ownership preserving of outsourced medical data},
  author={Bertino, Elisa and Ooi, Beng Chin and Yang, Yanjiang and Deng, Robert H},
  booktitle={21st International Conference on Data Engineering (ICDE'05)},
  pages={521--532},
  year={2005},
  organization={IEEE}
}

@inproceedings{sion2004proving,
  title={Proving ownership over categorical data},
  author={Sion, Radu},
  booktitle={Proceedings. 20th International Conference on Data Engineering},
  pages={584--595},
  year={2004},
  organization={IEEE}
}

@inproceedings{blakley1985fingerprinting,
  title={Fingerprinting long forgiving messages},
  author={Blakley, GR and Meadows, Catherine and Purdy, George B},
  booktitle={Conference on the Theory and Application of Cryptographic Techniques},
  pages={180--189},
  year={1985},
  organization={Springer}
}
@article{lafaye2008watermill,
  title={Watermill: An optimized fingerprinting system for databases under constraints},
  author={Lafaye, Julien and Gross-Amblard, David and Constantin, Camelia and Guerrouani, Meryem},
  journal={IEEE Transactions on Knowledge and Data Engineering},
  volume={20},
  number={4},
  pages={532--546},
  year={2008},
  publisher={IEEE}
}
@inproceedings{lafaye2007analysis,
  title={An analysis of database watermarking security},
  author={Lafaye, Julien},
  booktitle={Third International Symposium on Information Assurance and Security},
  pages={462--467},
  year={2007},
  organization={IEEE}
}
@inproceedings{pournaghshband2008new,
  title={A new watermarking approach for relational data},
  author={Pournaghshband, Vahab},
  booktitle={Proceedings of the 46th annual southeast regional conference on XX},
  pages={127--131},
  year={2008},
  organization={ACM}
}

@article{kamran2018comprehensive,
  title={A Comprehensive Survey of Watermarking Relational Databases Research},
  author={Kamran, Muhammad and Farooq, Muddassar},
  journal={arXiv preprint arXiv:1801.08271},
  year={2018}
}

@inproceedings{das2002robust,
  title={A robust block oriented watermarking scheme in spatial domain},
  author={Das, Tanmoy Kanti and Maitra, Subhamoy},
  booktitle={International Conference on Information and Communications Security},
  pages={184--196},
  year={2002},
  organization={Springer}
}
@misc{schneier1996applied,
  title={Applied cryptography-protocols, algorithms, and source code in C},
  author={Schneier, Bruce and others},
  year={1996},
  publisher={Wiley New York}
}
@misc{Dua:2019 ,
author = "Dua, Dheeru and Graff, Casey",
year = "2017",
title = "{UCI} Machine Learning Repository",
url = "http://archive.ics.uci.edu/ml",
institution = "University of California, Irvine, School of Information and Computer Sciences" }
@inproceedings{yao1982theory,
  title={Theory and application of trapdoor functions},
  author={Yao, Andrew C},
  booktitle={23rd Annual Symposium on Foundations of Computer Science (sfcs 1982)},
  pages={80--91},
  year={1982},
  organization={IEEE}
}
@inproceedings{kelsey1999yarrow,
  title={Yarrow-160: Notes on the design and analysis of the yarrow cryptographic pseudorandom number generator},
  author={Kelsey, John and Schneier, Bruce and Ferguson, Niels},
  booktitle={International Workshop on Selected Areas in Cryptography},
  pages={13--33},
  year={1999},
  organization={Springer}
}
@article{ferguson2015generating,
  title={Generating Randomness},
  author={Ferguson, Niels and Schneier, Bruce and Kohno, Tadayoshi},
  journal={Cryptography Engineering: Design Principles and Practical Applications},
  pages={135--161},
  year={2015},
  publisher={Wiley Online Library}
}
@misc{cryptgenrandom,
  title = {{Microsoft documentation for CryptGenRandom}},
  howpublished = {\url{https://docs.microsoft.com/en-us/windows/win32/api/wincrypt/nf-wincrypt-cryptgenrandom}},
  note = {Accessed: 2019-08-01}
}
@article{rivest1992md5,
  title={The MD5 message-digest algorithm},
  author={Rivest, Ronald},
  year={1992}
}
@misc{eastlake2001us,
  title={US secure hash algorithm 1 (SHA1)},
  author={Eastlake, Donald and Jones, Paul},
  year={2001},
  publisher={RFC 3174, September}
}
